% Encoding: UTF-8

@Book{GarSa12,
	author    = {García Sánchez, Juan Manuel},
	title     = {Gestión de la eficiencia energética : cálculo del consumo, indicadores y mejora},
	year      = {2012},
	language  = {spanish},
	publisher = {AENOR, D.L.},
	langid    = {spanish},
	timestamp = {2010.02.10},
}

@Book{Perp12,
  author    = {Perpiñán O.},
  title     = {Diseño de Sistemas Fotovoltaicos},
  year      = {2012},
  language  = {spanish},
  publisher = {Progensa},
  langid    = {spanish},
  timestamp = {2010.02.10},
}

@WWW{Aemet,
	author    = {Agencia Estatal de Meteorología},
	title     = {API Rest AEMET OpenData Docs},
	year      = {2010},
	url       = {https://opendata.aemet.es/centrodedescargas/inicio},
	language  = {spanish},
	urldate   = {2018-12-27},
	langid    = {spanish},
	timestamp = {2010.06.04},
}

@WWW{Ree,
	author    = {Red Elétrica de España S.A.},
	title     = {API Rest e-sios Docs},
	year      = {2010},
	url       = {https://www.esios.ree.es/es/pagina/api},
	language  = {spanish},
	urldate   = {2019-01-15},
	langid    = {spanish},
	timestamp = {2010.06.04},
}

@Book{Russ06,
  author    = {Russell S., Norving P.},
  title     = {Inteligencia Artificial, un enfoque moderno},
  year      = {2006},
  language  = {spanish},
  edition   = {2},
  publisher = {Prentice Hall},
  langid    = {spanish},
  timestamp = {2010.02.10},
}

@Book{Brow07,
  author    = {Jason Brownlee},
  title     = {{\em Long Short-Term Memory Networks With Python. Develop Sequence Prediction Models With Deep Learning}},
  year      = {2007},
  language  = {english},
  publisher = {eBook v1.0},
  langid    = {english},
  timestamp = {2010.02.10},
}

@Book{Newk02,
  author    = {James Newkirk, Robert C. Martin},
  title     = {La Programación Extrema en la Práctica},
  year      = {2002},
  language  = {spanish},
  publisher = {ADDISON WESLEY, Pearson Educación S.A.},
  langid    = {spanish},
  timestamp = {2010.02.10},
}

@Book{Goer04,
  author    = {John Goerzen},
  title     = {{\em Foundations of Python Network Programming}},
  year      = {2004},
  language  = {english},
  edition   = {1},
  publisher = {Apress},
  langid    = {english},
  timestamp = {2010.02.10},
}

@WWW{Flask,
	author    = {Armin Ronacher},
	title     = {Flask Docs},
	year      = {2015},
	url       = {http://flask.pocoo.org/docs/1.0/},
	language  = {english},
	urldate   = {2018-12-20},
	langid    = {english},
	timestamp = {2010.06.04},
}

@Book{GuSu07,
  author    = {Antonio Gulli, Sujit Pal.},
  title     = {{\em Deep Learning with Keras}},
  year      = {2007},
  language  = {english},
  publisher = {Packt Publishing Ltd.},
  langid    = {english},
  timestamp = {2010.02.10},
}

@Book{Mou15,
  author    = {Adrian Mouat},
  title     = {{\em Using Docker}},
  year      = {2015},
  language  = {english},
  publisher = {O'REILLY},
  langid    = {english},
  timestamp = {2010.02.10},
}

@WWW{IBM,
	author    = {IBM},
	title     = {IBM Cloud Docs},
	year      = {2016},
	url       = {https://console.bluemix.net/docs/overview/ibm-cloud-platform.html},
	language  = {english},
	urldate   = {2018-12-28},
	langid    = {english},
	timestamp = {2010.06.04}
}

@Comment{jabref-meta: databaseType:biblatex;}
